@article{DBLP:journals/corr/CohenCHM16,
  author    = {Cyril Cohen and
               Thierry Coquand and
               Simon Huber and
               Anders M{\"{o}}rtberg},
  title     = {Cubical Type Theory: a constructive interpretation of the univalence
               axiom},
  journal   = {CoRR},
  volume    = {abs/1611.02108},
  year      = {2016},
  url       = {http://arxiv.org/abs/1611.02108},
  eprinttype = {arXiv},
  eprint    = {1611.02108},
  timestamp = {Mon, 13 Aug 2018 16:48:16 +0200},
  biburl    = {https://dblp.org/rec/journals/corr/CohenCHM16.bib},
  bibsource = {dblp computer science bibliography, https://dblp.org}
}

@article{DBLP:journals/corr/abs-1802-01170,
  author    = {Thierry Coquand and
               Simon Huber and
               Anders M{\"{o}}rtberg},
  title     = {On Higher Inductive Types in Cubical Type Theory},
  journal   = {CoRR},
  volume    = {abs/1802.01170},
  year      = {2018},
  url       = {http://arxiv.org/abs/1802.01170},
  eprinttype = {arXiv},
  eprint    = {1802.01170},
  timestamp = {Mon, 13 Aug 2018 16:47:02 +0200},
  biburl    = {https://dblp.org/rec/journals/corr/abs-1802-01170.bib},
  bibsource = {dblp computer science bibliography, https://dblp.org}
}

@article{Huber2017,
  author    = {Simon Huber},
  title     = {A Cubical Type Theory for Higher Inductive Types},
  year      = {2017},
  url       = {https://simhu.github.io/misc/hcomp.pdf},
}

@article{Vezzosi2019,
  doi = {10.1145/3341691},
  url = {https://doi.org/10.1145/3341691},
  year = {2019},
  month = jul,
  publisher = {Association for Computing Machinery ({ACM})},
  volume = {3},
  number = {{ICFP}},
  pages = {1--29},
  author = {Andrea Vezzosi and Anders M\"{o}rtberg and Andreas Abel},
  title = {Cubical agda: a dependently typed programming language with univalence and higher inductive types},
  journal = {Proceedings of the {ACM} on Programming Languages}
}


@article{DBLP:journals/corr/abs-2003-01491,
  author    = {Jonathan Sterling and
               Carlo Angiuli and
               Daniel Gratzer},
  title     = {A Cubical Language for Bishop Sets},
  journal   = {CoRR},
  volume    = {abs/2003.01491},
  year      = {2020},
  url       = {https://arxiv.org/abs/2003.01491},
  eprinttype = {arXiv},
  eprint    = {2003.01491},
  timestamp = {Tue, 10 Mar 2020 13:33:48 +0100},
  biburl    = {https://dblp.org/rec/journals/corr/abs-2003-01491.bib},
  bibsource = {dblp computer science bibliography, https://dblp.org}
}

@misc{https://doi.org/10.48550/arxiv.1705.07442,
  doi = {10.48550/ARXIV.1705.07442},
  
  url = {https://arxiv.org/abs/1705.07442},
  
  author = {Riehl, Emily and Shulman, Michael},
  
  keywords = {Category Theory (math.CT), Logic (math.LO), FOS: Mathematics, FOS: Mathematics, 03G30, 18G55, 55U40},
  
  title = {A type theory for synthetic $\infty$-categories},
  
  publisher = {arXiv},
  
  year = {2017},
  
  copyright = {arXiv.org perpetual, non-exclusive license}
}

@techreport{HoTTbook,
Author = {The Univalent Foundations Program},
Institution = {Institute for Advanced Study},
Title = {Homotopy Type Theory: Univalent Foundations of Mathematics},
Year = {2013}
}

@article{angiuli_brunerie_coquand_harper_fanoia_licata_2021,
  title={Syntax and models of Cartesian cubical type theory},
  volume={31},
  DOI={10.1017/S0960129521000347},
  number={4},
  journal={Mathematical Structures in Computer Science},
  publisher={Cambridge University Press},
  author={Angiuli, Carlo and Brunerie, Guillaume and Coquand, Thierry and Harper, Robert and Hou (Favonia), Kuen-Bang and Licata, Daniel R.},
  year={2021},
  pages={424â€“468}
}